% This is for your references,
% here are examples on how to reference web-pages, books and articles!


%%%%%%%%%%%%%%%%%%%%%%%%%%%%%%%%%%%%%%%%%%%
% Webb, Z. D. "Experimental Investigation of ASR/DEF-Induced Rebar Fracture." MS Thesis, The University of Texas at Austin, Austin, Texas, USA, 2011.
@article{Webb,
    author  = "Webb, Z. D.",
    title   = "Experimental Investigation of ASR/DEF-Induced Rebar Fracture.",
    year    = "2011",
    journal = "MS Thesis",
    volume  = "The University of Texas at Austin, Austin, Texas, USA"
}

%Mikata, Y., Y. Shimazu, Y. Hatano, and S. Inoue. "Flexural and Shear Capacity of PRC Beams Damaged by Combined Deterioration Due to ASR and Corrosion." Edited by T. Drimalas, J. H. Ideker and B. Fournier. Proceedings of the 14th International Conference on Alkali-Aggregate Reaction in Concrete. Austin, Texas, USA, 2012. 10.

@article{Mikata,
    author  = "Y., Y. Shimazu, Y. Hatano and S. Inoue",
    title   = "Flexural and Shear Capacity of PRC Beams Damaged by Combined Deterioration Due to ASR and Corrosion.",
    year    = "2012",
    journal = "Proceedings of the 14th International Conference on Alkali-Aggregate Reaction in Concrete. Austin, Texas, USA, 2012. 10.",
}

@article{Awasthi,
    author  = "A. Awasthi",
    title   = "Investigation of Premature Cracking of Sleepers inIndian Railways and Evaluation of its Residual Capacity",
    year    = "2016",
    journal = "MS Thesis",
    volume  = "The University of Tokyo, Tokyo, Japan"
}


@article{Eddy,
    author  = "Liyanto EDDY, Anupam AWASTHI, Koji MATSUMOTO and Kohei NAGAI and Shingo ASAMOTO",
    title   = "Mesoscopic analysis of different expansion causes in concrete by 3D Rigid Body Spring Model",
    year    = "2016",
    journal = "Proceedings of the 15th International Symposinm  on New Technology for Urban Safety of Mega Cities in Asia (USMCA)"
}

%%%%%%%%%%%%%%%%%%%%%%%%%%%%%%%%%%%%%%%%%%%

% [Swamy & Al-Asali, 1988]  \cite{Swamy}
@article{Swamy,
    author  = "R. N. Swamy and M. M. AI-Asali",
    title   = "Engineering Properties of Concrete Affected by Alkali-Silica Reaction",
    year    = "1989",
    journal = "ACI MATERIALS JOURNAL",
    volume  = "September-October 1988",
    number  = "85-M41",
    pages   = "367--374"
}

% Bruetaud et al., 2008 \cite{Bruetaud}

@article{Bruetaud,
    author  = "X. Brunetaud, L. Divet, D. Damidot",
    title   = "Impact of unrestrained Delayed Ettringite Formation-induced expansion on concrete mechanical properties",
    year    = "2008",
    journal = "Cement and Concrete Research",
    volume  = "38",
    number  = "",
    pages   = "1343--1348"
}

% Bouzabata et al., (2012) \cite{Bouzabata}

@article{Bouzabata,
    author  = "Hassina Bouzabata, Stéphane Multon, Alain Sellier and Hacène Houari",
    title   = "Impact of unrestrained Delayed Ettringite Formation-induced expansion on concretemechanical properties",
    year    = "2012",
    journal = "Cement and Concrete Research",
    volume  = "42",
    number  = "",
    pages   = "1024--1031"
}


%ALKANA(2013) \cite{ALKANA}

@article{ALKANA,
    author  = "ALKAN HAFÇI",
    title   = "EFFECT OF ALKALI-SILICA REACTION EXPANSION ON MECHANICAL PROPERTIES OF CONCRETE",
    year    = "2013",
    journal = "",
    volume  = "",
    number  = "",
    pages   = ""
}

%[GIANNINI, 2012] \cite{GIANNINI}

@article{GIANNINI,
    author  = "Eric Richard Giannini",
    title   = "Evaluation of Concrete Structures Affected by Alkali-Silica Reaction and Delayed Ettringite Formation",
    year    = "2012",
    journal = "",
    volume  = "",
    number  = "",
    pages   = ""
}

% M. Al Shamaa et al., 2014 \cite{Shamaa}

@article{Shamaa,
    author  = "Mohamad Al Shamaa and Stéphane Lavaud, Loic Divet and Georges Nahas and Jean Michel Torrenti",
    title   = "Coupling between mechanical and transfer properties and expansion due to DEF in a concrete of a nuclear power plant",
    year    = "2014",
    journal = "Nuclear Engineering and Design",
    volume  = "266",
    number  = "",
    pages   = "70--77"
}

%[Ahmed et al., 2003]]  \cite{Ahmed}
@article{Ahmed,
    author  = "Tarig Ahmed, Eldon Burley, Stephen Rigden and Abid I. Abu-Taira",
    title   = "The effect of alkali reactivity on the mechanical properties of concrete",
    year    = "2003",
    journal = "Construction and Building Materials",
    volume  = "17",
    number  = " ",
    pages   = "123--144"
}

%KAWABATA

@article{KAWABATA,
    author  = "Yuichiro KAWABATA and Hiromichi MASUSHITA",
    title   = "A STUDY ON DEF-RELATED EXPANSION IN HEAT-CURED CONCRETE",
    year    = "2011",
    journal = "Japan Society of Civil Engineers",
    volume  = "67",
    number  = "4",
    pages   = "549--563"
}
